@article{Bandyopadhyay2014,
  author    = {S. Bandyopadhyay and R. Jain and J. Oppenheim and C. Perry},
  title     = {Conclusive exclusion of quantum states},
  journal   = {Physical Review A},
  volume    = {89},
  number    = {2},
  pages     = {022336},
  year      = {2014},
  publisher = {American Physical Society},
  doi       = {10.1103/PhysRevA.89.022336}
}


@misc{MainPaper,
      title={Quantum state exclusion for group-generated ensembles of pure states}, 
      author={Arnau Diebra and Santiago Llorens and Emili Bagan and Gael Sentís and Ramon Muñoz-Tapia},
      year={2025},
      eprint={2503.02568},
      archivePrefix={arXiv},
      primaryClass={quant-ph},
      url={https://arxiv.org/abs/2503.02568}, 
}

@article{PhysicsExclusionSource,
  title = {Conclusive exclusion of quantum states},
  author = {Bandyopadhyay, Somshubhro and Jain, Rahul and Oppenheim, Jonathan and Perry, Christopher},
  journal = {Phys. Rev. A},
  volume = {89},
  issue = {2},
  pages = {022336},
  numpages = {13},
  year = {2014},
  month = {Feb},
  publisher = {American Physical Society},
  doi = {10.1103/PhysRevA.89.022336},
  url = {https://link.aps.org/doi/10.1103/PhysRevA.89.022336}
}

@article{OptimalitySRM,
   title={Optimality of square-root measurements in quantum state discrimination},
   volume={91},
   ISSN={1094-1622},
   url={http://dx.doi.org/10.1103/PhysRevA.91.042334},
   DOI={10.1103/physreva.91.042334},
   number={4},
   journal={Physical Review A},
   publisher={American Physical Society (APS)},
   author={Dalla Pozza, Nicola and Pierobon, Gianfranco},
   year={2015},
   month=apr }

@article{DiscriminationArticle,
   title={Quantum state discrimination and its applications},
   volume={48},
   ISSN={1751-8121},
   url={http://dx.doi.org/10.1088/1751-8113/48/8/083001},
   DOI={10.1088/1751-8113/48/8/083001},
   number={8},
   journal={Journal of Physics A: Mathematical and Theoretical},
   publisher={IOP Publishing},
   author={Bae, Joonwoo and Kwek, Leong-Chuan},
   year={2015},
   month=jan, pages={083001} }

@book{helstromBook,
  author    = {Carl W. Helstrom},
  title     = {Quantum Detection and Estimation Theory},
  year      = {1976},
  publisher = {Academic Press},
  address   = {New York},
  isbn      = {978-0-12-340050-5},
  oclc      = {316552953}
}
