@online{completely_positive_map_Wikipedia,
  author    = {{Wikipedia contributors}},
  title     = {Completely Positive Map},
  year      = {2023},
  url       = {https://en.wikipedia.org/wiki/Completely_positive_map},
  note      = {Accessed: 2024-10-27}
}